@book{murphey2015parents,
  title={Parents behind bars: What happens to their children?},
  author={Murphey, David},
  year={2015},
  publisher={Child Trends}
}

@article{scott2013interrelation,
  title={The interrelation of adverse childhood experiences within an at-risk pediatric sample},
  author={Scott, Brandon G and Burke, Nadine J and Weems, Carl F and Hellman, Julia L and Carri{\'o}n, Victor G},
  journal={Journal of Child \& Adolescent Trauma},
  volume={6},
  number={3},
  pages={217--229},
  year={2013},
  publisher={Springer}
}

@incollection{poehlmann2019research,
  title={A research and intervention agenda for children with incarcerated parents and their families},
  author={Poehlmann-Tynan, Julie and Eddy, J Mark},
  booktitle={Handbook on children with incarcerated parents: Research, policy, and practice},
  pages={353--371},
  year={2019},
  publisher={Springer}
}

@article{murray2010parental,
  title={Parental incarceration, attachment and child psychopathology},
  author={Murray, Joseph and Murray, Lynne},
  journal={Attachment \& human development},
  volume={12},
  number={4},
  pages={289--309},
  year={2010},
  publisher={Taylor \& Francis}
}

@article{spruit2020relation,
  title={The relation between attachment and depression in children and adolescents: A multilevel meta-analysis},
  author={Spruit, Anouk and Goos, Linda and Weenink, Nikki and Rodenburg, Roos and Niemeyer, Helen and Stams, Geert Jan and Colonnesi, Cristina},
  journal={Clinical child and family psychology review},
  volume={23},
  number={1},
  pages={54--69},
  year={2020},
  publisher={Springer}
}

@article{dallaire2010relation,
  title={The relation of exposure to parental criminal activity, arrest, and sentencing to childrenâ€™s maladjustment},
  author={Dallaire, Danielle H and Wilson, Laura C},
  journal={Journal of child and family studies},
  volume={19},
  number={4},
  pages={404--418},
  year={2010},
  publisher={Springer}
}

@incollection{macklem2010importance,
  title={Importance of emotion regulation training for children and adolescents},
  author={Macklem, Gayle L},
  booktitle={Evidence-Based School Mental Health Services: Affect Education, Emotion Regulation Training, and Cognitive Behavioral Therapy},
  pages={85--106},
  year={2010},
  publisher={Springer}
}

@article{mihic2018importance,
  title={Importance of child emotion regulation for prevention of internalized and externalized problems},
  author={Mihic, Josipa and Novak, Miranda},
  journal={Journal of early childhood education research},
  volume={7},
  number={2},
  pages={235--254},
  year={2018}
}

@article{morie2022process,
  title={The process of emotion identification: Considerations for psychiatric disorders},
  author={Morie, Kristen P and Crowley, Michael J and Mayes, Linda C and Potenza, Marc N},
  journal={Journal of psychiatric research},
  volume={148},
  pages={264--274},
  year={2022},
  publisher={Elsevier}
}